<?xml version="1.0" encoding="UTF-8"?>
<collection xmlns:xsi="http://www.w3.org/2001/XMLSchema-instance" xsi:schemaLocation="http://www.loc.gov/MARC21/slim http://www.loc.gov/standards/marcxml/schema/MARC21slim.xsd" xmlns="http://www.loc.gov/MARC21/slim">
<record>
  <leader>01588cam a2200373L  4500</leader>
  <controlfield tag="001">2236833</controlfield>
  <controlfield tag="003">NNC</controlfield>
  <controlfield tag="005">20130516134355.0</controlfield>
  <controlfield tag="008">860908m19669999iq       b    001 0 ara c</controlfield>
  <datafield tag="010" ind1=" " ind2=" ">
    <subfield code="a">ne 68004287 </subfield>
  </datafield>
  <datafield tag="035" ind1=" " ind2=" ">
    <subfield code="a">(OCoLC)ocn176978894</subfield>
  </datafield>
  <datafield tag="040" ind1=" " ind2=" ">
    <subfield code="a">NYP</subfield>
    <subfield code="c">PUL</subfield>
    <subfield code="d">PUL</subfield>
  </datafield>
  <datafield tag="035" ind1=" " ind2=" ">
    <subfield code="a">(OCoLC)176978894</subfield>
  </datafield>
  <datafield tag="035" ind1=" " ind2=" ">
    <subfield code="9">CDS9555TS</subfield>
  </datafield>
  <datafield tag="035" ind1=" " ind2=" ">
    <subfield code="a">(NjP)1286895</subfield>
  </datafield>
  <datafield tag="079" ind1=" " ind2=" ">
    <subfield code="a">ocm14511933</subfield>
  </datafield>
  <datafield tag="049" ind1=" " ind2=" ">
    <subfield code="a">PULL</subfield>
  </datafield>
  <datafield tag="100" ind1="1" ind2=" ">
    <subfield code="6">880-01</subfield>
    <subfield code="a">Khaṭīb, ʻAbd al-Zahrā' al-Ḥusaynī.</subfield>
  </datafield>
  <datafield tag="245" ind1="1" ind2="0">
    <subfield code="6">880-02</subfield>
    <subfield code="a">Maṣādir Nahj al-balāghah wa-asānīduh,</subfield>
    <subfield code="c">taʼlīf ʻAbd al-Zahrāʼ al-Ḥusaynī al-Khaṭīb.</subfield>
  </datafield>
  <datafield tag="250" ind1=" " ind2=" ">
    <subfield code="6">880-03</subfield>
    <subfield code="a">[al-Ṭabʻah 1.]</subfield>
  </datafield>
  <datafield tag="260" ind1=" " ind2=" ">
    <subfield code="6">880-04</subfield>
    <subfield code="a">al-Najaf,</subfield>
    <subfield code="b">Maṭbaʻat al-Qaḍāʼ,</subfield>
    <subfield code="c">1966-</subfield>
  </datafield>
  <datafield tag="300" ind1=" " ind2=" ">
    <subfield code="a">v. ;</subfield>
    <subfield code="c">25 cm.</subfield>
  </datafield>
  <datafield tag="500" ind1=" " ind2=" ">
    <subfield code="a">In Arabic.</subfield>
  </datafield>
  <datafield tag="500" ind1=" " ind2=" ">
    <subfield code="a">Cover title: Resources [sic] of Nahj al-balaghah and references, by Abed al-Zahraʼ al-Husaini al-Khatib.</subfield>
  </datafield>
  <datafield tag="504" ind1=" " ind2=" ">
    <subfield code="a">Includes bibliographical references.</subfield>
  </datafield>
  <datafield tag="600" ind1="1" ind2="0">
    <subfield code="6">880-05</subfield>
    <subfield code="a">Sharīf al-Raḍī, Muhammad ibn al-Ḥusayn,</subfield>
    <subfield code="d">969 or 70-1016.</subfield>
    <subfield code="t">Nahj al-balāghah</subfield>
    <subfield code="v">Bibliography.</subfield>
  </datafield>
  <datafield tag="880" ind1="1" ind2=" ">
    <subfield code="6">100-01/r</subfield>
    <subfield code="a">خطيب، عبد الزهراء الحسيني.</subfield>
  </datafield>
  <datafield tag="880" ind1="1" ind2="0">
    <subfield code="6">245-02/r</subfield>
    <subfield code="a">مصادر نهج البلاغة واسانيده،</subfield>
    <subfield code="c">تأليف عبد الزهراء الحسيني الخطيب.</subfield>
  </datafield>
  <datafield tag="880" ind1=" " ind2=" ">
    <subfield code="6">250-03/r</subfield>
    <subfield code="a">[الطبعة 1.]</subfield>
  </datafield>
  <datafield tag="880" ind1=" " ind2=" ">
    <subfield code="6">260-04/r</subfield>
    <subfield code="a">النجف،</subfield>
    <subfield code="b">مطبعة القضاء،</subfield>
    <subfield code="c">1966-</subfield>
  </datafield>
  <datafield tag="880" ind1="1" ind2="0">
    <subfield code="6">600-05/r</subfield>
    <subfield code="a">شريف الرضي، مهمد بن الحسين،</subfield>
    <subfield code="d">969 or 70-1016.</subfield>
    <subfield code="t">نهج البلاغة</subfield>
    <subfield code="v">Bibliography.</subfield>
  </datafield>
  <datafield tag="955" ind1=" " ind2=" ">
    <subfield code="b">0040997693</subfield>
    <subfield code="d">glx</subfield>
    <subfield code="e">PN6307.A7S5 K6</subfield>
    <subfield code="v">v.1</subfield>
  </datafield>
  <datafield tag="955" ind1=" " ind2=" ">
    <subfield code="b">0066729068</subfield>
    <subfield code="d">glx</subfield>
    <subfield code="e">PN6307.A7S5 K6</subfield>
    <subfield code="v">v.2</subfield>
  </datafield>
  <datafield tag="955" ind1=" " ind2=" ">
    <subfield code="b">0066729076</subfield>
    <subfield code="d">glx</subfield>
    <subfield code="e">PN6307.A7S5 K6</subfield>
    <subfield code="v">v.3</subfield>
  </datafield>
  <datafield tag="955" ind1=" " ind2=" ">
    <subfield code="b">0066729084</subfield>
    <subfield code="d">glx</subfield>
    <subfield code="e">PN6307.A7S5 K6</subfield>
    <subfield code="v">v.4</subfield>
  </datafield>
</record>
</collection>
